@inproceedings{asakura2020towards,
  title={Towards grounding of formulae},
  author={Asakura, Takuto and Greiner-Petter, Andr{\'e} and Aizawa, Akiko and Miyao, Yusuke},
  booktitle={Proceedings of the First Workshop on Scholarly Document Processing},
  pages={138--147},
  year={2020}
}

@inproceedings{asakura2022building,
  title={Building Dataset for Grounding of Formulae—Annotating Coreference Relations Among Math Identifiers},
  author={Asakura, Takuto and Miyao, Yusuke and Aizawa, Akiko},
  booktitle={Proceedings of the Thirteenth Language Resources and Evaluation Conference},
  pages={4851--4858},
  year={2022}
}

@inproceedings{asakura2022building,
  title={Building Dataset for Grounding of Formulae—Annotating Coreference Relations Among Math Identifiers},
  author={Asakura, Takuto and Miyao, Yusuke and Aizawa, Akiko},
  booktitle={Proceedings of the Thirteenth Language Resources and Evaluation Conference},
  pages={4851--4858},
  year={2022}
}

